<record><leader>00000cas a2200000 a 4500</leader><controlfield tag="001">12402410</controlfield><controlfield tag="008">850820d18971901ksuwr ne      0    0eng d</controlfield><datafield ind1=" " ind2=" " tag="010"><subfield code="a">sn 85029558 </subfield></datafield><datafield ind1=" " ind2=" " tag="040"><subfield code="a">KSH</subfield><subfield code="b">eng</subfield><subfield code="c">KSH</subfield><subfield code="d">NPT</subfield><subfield code="d">OCL</subfield><subfield code="d">OCLCQ</subfield></datafield><datafield ind1=" " ind2=" " tag="042"><subfield code="a">msc</subfield></datafield><datafield ind1="0" ind2="4" tag="245"><subfield code="a">The Cuba advocate.</subfield></datafield><datafield ind1=" " ind2=" " tag="260"><subfield code="a">Cuba, Kan. :</subfield><subfield code="b">John Brown,</subfield><subfield code="c">-1901.</subfield></datafield><datafield ind1=" " ind2=" " tag="300"><subfield code="a">v. :</subfield><subfield code="b">ill. ;</subfield><subfield code="c">60 cm.</subfield></datafield><datafield ind1=" " ind2=" " tag="310"><subfield code="a">Weekly</subfield></datafield><datafield ind1="0" ind2=" " tag="362"><subfield code="a">-v. 5, [no. 9] (Oct. 11, 1901).</subfield></datafield><datafield ind1="1" ind2=" " tag="362"><subfield code="a">Began in 1897.</subfield><subfield code="z">Cf. Ayer, 1898.</subfield></datafield><datafield ind1=" " ind2=" " tag="500"><subfield code="a">"Populist." Cf. Ayer, 1898.</subfield></datafield><datafield ind1=" " ind2=" " tag="588"><subfield code="a">Description based on: Vol. 1, no. 10 (Oct. 22, 1897).</subfield></datafield><datafield ind1=" " ind2=" " tag="752"><subfield code="a">United States</subfield><subfield code="b">Kansas</subfield><subfield code="c">Republic</subfield><subfield code="d">Cuba.</subfield></datafield><datafield ind1="0" ind2="4" tag="785"><subfield code="t">Cuba daylight (Cuba, Kan. : 1890)</subfield><subfield code="w">(DLC)sn 85029627</subfield></datafield><datafield ind1="1" ind2=" " tag="029"><subfield code="a">AU@</subfield><subfield code="b">000022171805</subfield></datafield></record>